@book{comet,
 author = {Van Hentenryck, Pascal and Michel, Laurent},
 title = {Constraint-Based Local Search},
 year = {2005},
 isbn = {0262220776},
 publisher = {The MIT Press},
}

@book{cormen,
 author = {Cormen, Thomas H. and Leiserson, Charles E. and Rivest, Ronald L. and Stein, Clifford},
 title = {Introduction to Algorithms, Third Edition},
 year = {2009},
 isbn = {0262033844, 9780262033848},
 edition = {3rd},
 publisher = {The MIT Press},
} 
@book{ilp,
  Author = {Jiri Matousek and Bernd GÃ¤rtner},
  Title = {Understanding and Using Linear Programming (Universitext)},
  Publisher = {Springer},
  Year = {2006},
  ISBN = {3540306978},
}
@book{ls,
  Author = {Wil Michiels and Emile Aarts and Jan Korst},
  Title = {Theoretical Aspects of Local Search},
  Publisher = {Springer},
  Year = {2007},
  ISBN = {3540358536},
}